<?xml version="1.0" encoding="UTF-8"?><record xmlns="http://www.loc.gov/MARC21/slim" xmlns:cinclude="http://apache.org/cocoon/include/1.0" xmlns:zs="http://www.loc.gov/zing/srw/">
  <leader>00736cz  a2200145n  4500</leader>
  <controlfield tag="001">n  79012275 </controlfield>
  <controlfield tag="003">DLC</controlfield>
  <controlfield tag="005">20120801080227.0</controlfield>
  <controlfield tag="008">790207n| aaannaabn          |n ana      </controlfield>
  <datafield tag="010" ind1=" " ind2=" ">
    <subfield code="a">n  79012275 </subfield>
  </datafield>
  <datafield tag="035" ind1=" " ind2=" ">
    <subfield code="a">(OCoLC)oca00246326</subfield>
  </datafield>
  <datafield tag="040" ind1=" " ind2=" ">
    <subfield code="a">DLC</subfield>
    <subfield code="b">eng</subfield>
    <subfield code="c">DLC</subfield>
    <subfield code="d">OCoLC</subfield>
    <subfield code="d">DLC</subfield>
  </datafield>
  <datafield tag="110" ind1="1" ind2=" ">
    <subfield code="a">United States.</subfield>
    <subfield code="b">Agency for International Development.</subfield>
    <subfield code="b">Bureau for East Asia.</subfield>
    <subfield code="b">Agriculture and Rural Development Division</subfield>
  </datafield>
  <datafield tag="667" ind1=" " ind2=" ">
    <subfield code="a">THIS 1XX FIELD CANNOT BE USED UNDER RDA UNTIL THIS RECORD HAS BEEN REVIEWED AND/OR UPDATED</subfield>
  </datafield>
  <datafield tag="670" ind1=" " ind2=" ">
    <subfield code="a">Its E. Asia Tech. Advis. Staff. Rice in Southeast Asia, 1968 (subdiv.)</subfield>
    <subfield code="b">t.p. (Agriculture and Rural Development Div., East Asia Bureau, Agency for International Development, Department of State, United States Government)</subfield>
  </datafield>
</record>